@article{Piironen2020ProjectiveSelection,
    title = {{Projective inference in high-dimensional problems: Prediction and feature selection}},
    year = {2020},
    journal = {Electronic Journal of Statistics},
    author = {Piironen, Juho and Paasiniemi, Markus and Vehtari, Aki},
    number = {1},
    pages = {2155--2197},
    volume = {14},
    doi = {10.1214/20-ejs1711},
    issn = {1935-7524},
    arxivId = {1810.02406},
    keywords = {62F15, 62F07, 62J12Projection, prediction, feature, and phrases, feature selection, post-selection inference, prediction, projection, received february 2019, sity, spar-}
}

@article{Pavone2020UsingSelection,
    title = {{Using reference models in variable selection}},
    year = {2020},
    author = {Pavone, Federico and Piironen, Juho and B{\"{u}}rkner, Paul-Christian and Vehtari, Aki},
    number = {2001},
    pages = {1--16},
    url = {http://arxiv.org/abs/2004.13118},
    arxivId = {2004.13118}
}